@inproceedings{elabref,
  title={Elaborator reflection: extending {I}dris in {I}dris},
  author={Christiansen, David and Brady, Edwin},
  booktitle={Proceedings of the 21st ACM SIGPLAN International Conference on Functional Programming},
  year={2016},
  organization={ACM}
}

