@book{tapl,
  author={Pierce,Benjamin C.},
  year={2002},
  title={Types and Programming Languages},
  publisher={MIT Press},
  address={Cambridge, MA},
  keywords={Programming languages (Electronic computers)},
}

@book{dragonbook,
  author={Aho,Alfred V. and Sethi,Ravi and Ullman,Jeffrey D., 1942},
  year={1986},
  title={Compilers, Principles, Techniques, and Tools},
  publisher={Addison-Wesley Pub. Co},
  address={Reading, Mass},
  keywords={Compiling (Electronic computers)},
}

@PhdThesis{agda,
  author={Ulf Norell},
  title={Towards a practical programming language based on dependent type theory},
  school={Chalmers University of Technology},
  year={2007}
}

@inproceedings{twelf,
  title={System description: Twelfâ€”a meta-logical framework for deductive systems},
  author={Pfenning, Frank and Sch{\"u}rmann, Carsten},
  booktitle={International Conference on Automated Deduction},
  pages={202--206},
  year={1999},
  organization={Springer}
}

@misc{coq,
  title={Interactive theorem proving and program development. Coq'Art: The Calculus of inductive constructions.},
  author={Cast{\'e}ran, Pierre and Bertot, Yves},
  year={2004},
  publisher={Springer Verlag}
}

@article{idris,
  title={Idris, a general-purpose dependently typed programming language: Design and implementation},
  author={Brady, Edwin},
  journal={Journal of Functional Programming},
  volume={23},
  number={5},
  pages={552--593},
  year={2013},
  publisher={Cambridge University Press}
}


@inproceedings{elabref,
  title={Elaborator reflection: extending Idris in Idris},
  author={Christiansen, David and Brady, Edwin Charles},
  booktitle={Proceedings of the 21st ACM SIGPLAN International Conference on Functional Programming},
  year={2016},
  organization={ACM}
}

@phdthesis{davidphd,
  title={Practical Reflection and Metaprogramming for Dependent Types},
  author={Christiansen, David Raymond},
  year={2016},
  school={IT University of Copenhagen, Software and Systems Section}
}

@article{leanmeta,
  title={A metaprogramming framework for formal verification},
  author={Ebner, Gabriel and Ullrich, Sebastian and Roesch, Jared and Avigad, Jeremy and de Moura, Leonardo},
  journal={Proceedings of the ACM on Programming Languages},
  volume={1},
  number={ICFP},
  pages={34},
  year={2017},
  publisher={ACM}
}

@inproceedings{lean,
  title={The Lean theorem prover (system description)},
  author={de Moura, Leonardo and Kong, Soonho and Avigad, Jeremy and Van Doorn, Floris and von Raumer, Jakob},
  booktitle={International Conference on Automated Deduction},
  pages={378--388},
  year={2015},
  organization={Springer}
}

